<?xml version="1.0" encoding="UTF-8"?><collection xmlns="http://www.loc.gov/MARC21/slim"><record><leader>00425nam--2200133-i-4500</leader><controlfield tag="001">000026075</controlfield><controlfield tag="002">20161230</controlfield><controlfield tag="005">20161230201036</controlfield><controlfield tag="008">060222s1000------------r-----000-0-eng-d</controlfield><datafield ind1=" " ind2=" " tag="080"><subfield code="a">539. 166.2:543.42</subfield></datafield><datafield ind1=" " ind2=" " tag="245"><subfield code="a">International series of monographs in analytical chemistry. vol. 45. thermomicroscopy in the analysis of pharmaceuticals</subfield></datafield><datafield ind1=" " ind2=" " tag="260"><subfield code="a">Oxford, Pergamon Press,</subfield></datafield><datafield ind1=" " ind2=" " tag="700"><subfield code="a">Maria Kuhnert-brandstatter</subfield></datafield><datafield ind1=" " ind2=" " tag="852"><subfield code="a">16056</subfield></datafield></record></collection>